<?xml version="1.0" encoding="UTF-8"?><collection xmlns="http://www.loc.gov/MARC21/slim"><record><leader>00484nam--2200181-i-4500</leader><controlfield tag="001">000003241</controlfield><controlfield tag="002">20161230</controlfield><controlfield tag="005">20161230201025</controlfield><controlfield tag="008">060222s1000------------r-----000-0-eng-d</controlfield><datafield ind1=" " ind2=" " tag="040"><subfield code="a">IFIN-HH</subfield></datafield><datafield ind1=" " ind2=" " tag="080"><subfield code="a">539</subfield></datafield><datafield ind1="1" ind2=" " tag="100"><subfield code="a">Cork, James M</subfield></datafield><datafield ind1="1" ind2="0" tag="245"><subfield code="a">Radioactivity and nuclear physics</subfield><subfield code="c">James m. cork</subfield></datafield><datafield ind1=" " ind2=" " tag="250"><subfield code="a">Third Edition</subfield></datafield><datafield ind1=" " ind2=" " tag="260"><subfield code="a">Princeton, New Jersey</subfield><subfield code="b">D.Van Nostrand Company, Inc</subfield><subfield code="c">1957</subfield></datafield><datafield ind1=" " ind2=" " tag="300"><subfield code="a">XII + 415 P</subfield></datafield><datafield ind1=" " ind2=" " tag="852"><subfield code="a">12972</subfield><subfield code="c">539</subfield></datafield><datafield ind1=" " ind2=" " tag="CAT"><subfield code="a">Sys</subfield><subfield code="c">20110923</subfield><subfield code="h">130205</subfield></datafield></record></collection>